<?xml version="1.0" encoding="UTF-8"?><collection xmlns="http://www.loc.gov/MARC21/slim"><record><leader>00447nam--2200145-i-4500</leader><controlfield tag="001">000031086</controlfield><controlfield tag="002">20161230</controlfield><controlfield tag="005">20161230201038</controlfield><controlfield tag="008">060222s1000------------r-----000-0-eng-d</controlfield><datafield ind1=" " ind2=" " tag="080"><subfield code="a">614.876(061.3)</subfield></datafield><datafield ind1=" " ind2=" " tag="245"><subfield code="a">Radioprotection.chemical compounds biological means.a symposium by correspondence</subfield></datafield><datafield ind1=" " ind2=" " tag="260"><subfield code="a">Basel Und Stuttgart, Birkhauser Verlag, 1977. 90p</subfield></datafield><datafield ind1=" " ind2=" " tag="490"><subfield code="a">Experientia Supplementum</subfield></datafield><datafield ind1=" " ind2=" " tag="700"><subfield code="a">Locker, A., Flemming, K</subfield></datafield><datafield ind1=" " ind2=" " tag="852"><subfield code="a">16314</subfield></datafield></record></collection>